@book{seddon2002, 
	Year = {2002}, 
	Title = {{Basic Helicopter Aerodynamics}}, 
	Author = {Seddon, J and Newman, Simon}, 
	Publisher = {Blackwell Science Ltd},
	Edition = {2},
	Isbn = {063205283X}
}

@book{durand1935, 
	Year = {1935}, 
	Title = {{Aerodynamic Theory}}, 
	Author = {Durand, William Frederick}, 
	Publisher = {Julius Springer},
	Location = {Berlin},
	Isbn = {9783642896309}
}

@book{reuter2004, 
	Year = {2004}, 
	Title = {{Regelungstechnik für Ingenieure}}, 
	Author = {Reuter, Manfred and Zacher, Serge}, 
	Publisher = {Vieweg+Teubner Verlag},
	Edition = {11},
	Isbn = {3528050047}
}

@book{metzler,
	Year={1998},
	Title = {{Metzler Physik}},
	Author = {Joachim Grehn and Joachim Krause},
	Edition = {3},
	Publisher = {Schroedel Verlag GmbH, Hannover},
	Isbn = {3507107007}
}

@book{schmitt2006,
	Title = {{Mikrocomputertechnik mit Controllern der Atmel AVR-RISC-Familie}},
	Author = {Günter Schmitt},
	Year = {2008},
	Edition = {4},
	Publisher = {Oldenbourg Wissenschaftsverlag},
	Isbn = {9783486589887}
}

@book{physing,
	Title = {{Physik Für Ingenieure}},
	Publisher = {Vieweg+Teubner Verlag},
	Author =  {Paul Dobrinski and Gunter Krakau and Anselm Vogel},
	Year = 2007,
	Isbn = {3835100203}
}

@book{equilib,
	Title = {{Engineering Mechanics: Volume 1: Equilibrium}},
	Publisher = {Springer Verlag},
	Author =  {C. Hartsuijker and J. W. Welleman},
	Year = 2006,
	Isbn = {9781402041204}
}

@book{AngewandteStatistik,
	Title = {{Angewandte Statistik}},
	Author = {Sachs, Lothar and Hedderich, Jürgen},
	Publisher = {Springer-Verlag Berlin},
	Year = 2006,
	Edition = {12. Auflage},
	Isbn = {9783540321606}
}

@book{PrinciplesAdap,
	Title = {{Principles of Adaptive Filters and Self-learning Systems}},
	Author = {Zaknich, Anthony },
	Publisher = {Springer-Verlag London},
	Year = 2005,
	Isbn = {9781852339845}
}

@manual{MC34063AOnSemiconductor,
	Title = {MC34063A, MC33063A, SC34063A, SC33063A, NCV33063A},
	Organization = {ON Semiconductor},
	Year = {August 2010},
	Edition = {Rev. 23},
	Address = {Literature Distribution Center for ON Semiconductor, P.O. Box 5163, Denver, Colorado 80217 USA}
}

@manual{ManualRoxxyBLControl710720,
	Title = {Bedienungsanleitung Roxxy BL-Control 710-720},
	Organization = {Robbe},
	Year = 2011,
	Address = {robbe Modellsport GmbH \text{\&} Co.KG, Metzloser Strasse 36, D-36355 Grebenhain},
	Url = {http://www.robbe.de/robbe/downloads/get/file/3d944226c7112badd73c90ede1abbff6}
}

@inproceedings{ComplKalman,
	Title = {{A Comparison of Complementary and Kalman Filtering}},
	Author = {{Higgins, Jr.}, Walter T.},
	volume = {AES-11},
	Year = {Mai 1975},
	booktitle = {{IEEE Transactions On Aerospace and Electronic Systems}},
}

@misc{AdapFilterSommer,
	Title = {{Skript zur Vorlesung Adaptive Filter}},
	Author = {{Sommer, Volker}},
	Year = {{2010}},
	howpublished = {{Beuth-Hochschule für Technik, Berlin}}
}

@misc{bluesmirf,
	Title = {{BlueSMiRF v1, revision 2}},
	Organization = {Sparkfun Electonics},
	Key = {Sparkfun Electonics},
	Year = {{March 2007}}
}

@misc{standschub,
	Title = {{Der Standschub von Propellern und Rotoren}},
	Author = {{Schenk, Helmut}},
	Year = {2002},
	note = {\url{http://www.rc-network.de/magazin/artikel_02/art_02-0037/Standschub.pdf}}
}

@misc{gibianskyPdf,
	Title = {{Quadcopter Dynamics and Simulation}},
	Author = {{Gibiansky, Andrew}},
	Year = {{2012}},
	howpublished = {{Blog}},
	Url = {http://andrew.gibiansky.com/blog/physics/quadcopter-dynamics/}
}

@book{book:siekmann2008,
	Title = {{Strömungslehre}},
	Author = {Siekmann, Helmut E. and Thamsen Paul Uwe},
	Publisher = {Springer-Verlag Berlin Heidelberg},
	Year = 2008,
	Edition = {2. Auflage},
	Isbn = {9783540737261},
	Issn = {0937-7433},
}

@book{book:mechflight2006,
	Title = {{Mechanics of Flight}},
	Author = {Kermode, Alfred Cotterill},
	Publisher = {Pearson Education Ltd.},
	Year = 2006,
	Edition = {11th Edition},
	Isbn = {9781405823593},
}